<record><leader>00000cas a2200000 a 4500</leader><controlfield tag="001">16734560</controlfield><controlfield tag="008">870923c19859999txuwn ne      0   a0eng d</controlfield><datafield ind1=" " ind2=" " tag="010"><subfield code="a">sn 87090825 </subfield></datafield><datafield ind1=" " ind2=" " tag="040"><subfield code="a">PPM</subfield><subfield code="b">eng</subfield><subfield code="c">PPM</subfield><subfield code="d">NSD</subfield><subfield code="d">OCLCQ</subfield><subfield code="d">OCLCO</subfield></datafield><datafield ind1=" " ind2=" " tag="012"><subfield code="j">0</subfield><subfield code="k">1</subfield><subfield code="m">1</subfield></datafield><datafield ind1="1" ind2=" " tag="022"><subfield code="a">0899-7020</subfield><subfield code="l">0899-7020</subfield><subfield code="2">1</subfield></datafield><datafield ind1="1" ind2=" " tag="029"><subfield code="a">AU@</subfield><subfield code="b">000025830054</subfield></datafield><datafield ind1=" " ind2=" " tag="032"><subfield code="a">751370</subfield><subfield code="b">USPS</subfield></datafield><datafield ind1=" " ind2=" " tag="037"><subfield code="b">Bishop of the Diocese of Fort Worth, 800 West Loop, 820 South, Fort Worth, TX 76108</subfield></datafield><datafield ind1=" " ind2=" " tag="042"><subfield code="a">msc</subfield><subfield code="a">nsdp</subfield></datafield><datafield ind1=" " ind2="0" tag="222"><subfield code="a">North Texas Catholic</subfield></datafield><datafield ind1="0" ind2="0" tag="245"><subfield code="a">North Texas Catholic.</subfield></datafield><datafield ind1=" " ind2=" " tag="260"><subfield code="a">Fort Worth, Tex. :</subfield><subfield code="b">Bishop Joseph P. Delaney,</subfield><subfield code="c">1985-</subfield></datafield><datafield ind1=" " ind2=" " tag="300"><subfield code="a">v.</subfield></datafield><datafield ind1=" " ind2=" " tag="310"><subfield code="a">Weekly (except biweekly June-Aug., and the Friday after Christmas),</subfield><subfield code="b">&lt;June 23, 1989-&gt;</subfield></datafield><datafield ind1=" " ind2=" " tag="321"><subfield code="a">Weekly,</subfield><subfield code="b">Sept. 20, 1985-</subfield></datafield><datafield ind1=" " ind2=" " tag="321"><subfield code="a">Weekly (except biweekly, June-Aug.),</subfield><subfield code="b">&lt;May 27, 1988-&gt;</subfield></datafield><datafield ind1="0" ind2=" " tag="362"><subfield code="a">Vol. 1, no. 1 (Sept. 20, 1985)-</subfield></datafield><datafield ind1=" " ind2=" " tag="500"><subfield code="a">Includes a monthly supplement: Ministries newsletter.</subfield></datafield><datafield ind1=" " ind2=" " tag="588"><subfield code="a">Latest issue consulted: Vol. 5, no. 23 (June 23, 1989).</subfield></datafield><datafield ind1="2" ind2=" " tag="710"><subfield code="a">Catholic Church.</subfield><subfield code="b">Diocese of Fort Worth (Tex.)</subfield></datafield><datafield ind1="0" ind2=" " tag="730"><subfield code="a">Ministries newsletter.</subfield></datafield><datafield ind1=" " ind2=" " tag="752"><subfield code="a">United States</subfield><subfield code="b">Texas</subfield><subfield code="c">Tarrant</subfield><subfield code="d">Fort Worth.</subfield></datafield></record>